@article{DBLP:journals/corr/ForsterCDS15,
  author    = {Christian Forster and
               Luca Carlone and
               Frank Dellaert and
               Davide Scaramuzza},
  title     = {On-Manifold Preintegration Theory for Fast and Accurate Visual-Inertial
               Navigation},
  journal   = {CoRR},
  volume    = {abs/1512.02363},
  year      = {2015},
  url       = {http://arxiv.org/abs/1512.02363},
  archivePrefix = {arXiv},
  eprint    = {1512.02363},
  timestamp = {Mon, 13 Aug 2018 16:48:57 +0200},
  biburl    = {https://dblp.org/rec/bib/journals/corr/ForsterCDS15},
  bibsource = {dblp computer science bibliography, https://dblp.org}
}
@article{DBLP:journals/corr/abs-1802-02209,
  author    = {Changhao Chen and
               Xiaoxuan Lu and
               Andrew Markham and
               Niki Trigoni},
  title     = {IONet: Learning to Cure the Curse of Drift in Inertial Odometry},
  journal   = {CoRR},
  volume    = {abs/1802.02209},
  year      = {2018},
  url       = {http://arxiv.org/abs/1802.02209},
  archivePrefix = {arXiv},
  eprint    = {1802.02209},
  timestamp = {Tue, 12 Mar 2019 13:26:58 +0100},
  biburl    = {https://dblp.org/rec/bib/journals/corr/abs-1802-02209},
  bibsource = {dblp computer science bibliography, https://dblp.org}
}
@article{DBLP:journals/corr/abs-1712-09004,
  author    = {Hang Yan and
               Qi Shan and
               Yasutaka Furukawa},
  title     = {{RIDI:} Robust {IMU} Double Integration},
  journal   = {CoRR},
  volume    = {abs/1712.09004},
  year      = {2017},
  url       = {http://arxiv.org/abs/1712.09004},
  archivePrefix = {arXiv},
  eprint    = {1712.09004},
  timestamp = {Mon, 13 Aug 2018 16:47:35 +0200},
  biburl    = {https://dblp.org/rec/bib/journals/corr/abs-1712-09004},
  bibsource = {dblp computer science bibliography, https://dblp.org}
}
@techreport{Woodman07anintroduction,
  abstract = {An introduction to inertial navigation},
  added-at = {2014-03-05T07:39:33.000+0100},
  author = {Woodman, Oliver J.},
  biburl = {https://www.bibsonomy.org/bibtex/22eba5764ec10f76740319cf4cac6acb4/inanc.g},
  description = {An introduction to inertial navigation},
  institution = {University of Cambridge},
  interhash = {ea8a2f285c767dfbd6462d4fb405473c},
  intrahash = {2eba5764ec10f76740319cf4cac6acb4},
  keywords = {accelerometer correction error gyrometer inertial navigation},
  month = {August},
  number = 696,
  timestamp = {2014-03-05T07:39:33.000+0100},
  title = {An introduction to inertial navigation},
  type = {Research report},
  url = {http://citeseerx.ist.psu.edu/viewdoc/summary?doi=10.1.1.63.7402},
  year = 2007
}
@INPROCEEDINGS{DuoVIO, 
    author={N. {de Pal\'ezieux} and T. {N\"ageli} and O. {Hilliges}}, 
    booktitle={2016 IEEE/RSJ International Conference on Intelligent Robots and Systems (IROS)}, 
    title={Duo-VIO: Fast, light-weight, stereo inertial odometry}, 
    year={2016}, 
    volume={}, 
    number={}, 
    pages={2237-2242}, 
    keywords={autonomous aerial vehicles;distance measurement;microcomputers;microrobots;Duo-VIO;fast light-weight stereo inertial odometry;visual inertial odometry system;microaerial vehicles;autonomous flight;desktop-grade processors;Cameras;Covariance matrices;Robot vision systems;Kalman filters;Feature extraction;Uncertainty}, 
    doi={10.1109/IROS.2016.7759350}, 
    ISSN={2153-0866}, 
    month={Oct},
}
    
@article{DBLP:journals/corr/ClarkWWMT17,
  author    = {Ronald Clark and
               Sen Wang and
               Hongkai Wen and
               Andrew Markham and
               Niki Trigoni},
  title     = {VINet: Visual-Inertial Odometry as a Sequence-to-Sequence Learning
               Problem},
  journal   = {CoRR},
  volume    = {abs/1701.08376},
  year      = {2017},
  url       = {http://arxiv.org/abs/1701.08376},
  archivePrefix = {arXiv},
  eprint    = {1701.08376},
  timestamp = {Mon, 11 Mar 2019 07:46:34 +0100},
  biburl    = {https://dblp.org/rec/bib/journals/corr/ClarkWWMT17},
  bibsource = {dblp computer science bibliography, https://dblp.org}
}
@article{DBLP:journals/corr/abs-1803-05850,
  author    = {Jared Shamwell and
               Sarah Leung and
               William D. Nothwang},
  title     = {Vision-Aided Absolute Trajectory Estimation Using an Unsupervised
               Deep Network with Online Error Correction},
  journal   = {CoRR},
  volume    = {abs/1803.05850},
  year      = {2018},
  url       = {http://arxiv.org/abs/1803.05850},
  archivePrefix = {arXiv},
  eprint    = {1803.05850},
  timestamp = {Mon, 13 Aug 2018 16:48:11 +0200},
  biburl    = {https://dblp.org/rec/bib/journals/corr/abs-1803-05850},
  bibsource = {dblp computer science bibliography, https://dblp.org}
}
@article{DBLP:journals/corr/abs-1808-03485,
  author    = {Santiago Cort{\'{e}}s Reina and
               Arno Solin and
               Juho Kannala},
  title     = {Deep Learning Based Speed Estimation for Constraining Strapdown Inertial
               Navigation on Smartphones},
  journal   = {CoRR},
  volume    = {abs/1808.03485},
  year      = {2018},
  url       = {http://arxiv.org/abs/1808.03485},
  archivePrefix = {arXiv},
  eprint    = {1808.03485},
  timestamp = {Sun, 02 Sep 2018 15:01:57 +0200},
  biburl    = {https://dblp.org/rec/bib/journals/corr/abs-1808-03485},
  bibsource = {dblp computer science bibliography, https://dblp.org}
}
@article{DBLP:journals/corr/SolinCRK17,
  author    = {Arno Solin and
               Santiago Cort{\'{e}}s Reina and
               Esa Rahtu and
               Juho Kannala},
  title     = {Inertial Odometry on Handheld Smartphones},
  journal   = {CoRR},
  volume    = {abs/1703.00154},
  year      = {2017},
  url       = {http://arxiv.org/abs/1703.00154},
  archivePrefix = {arXiv},
  eprint    = {1703.00154},
  timestamp = {Mon, 13 Aug 2018 16:46:31 +0200},
  biburl    = {https://dblp.org/rec/bib/journals/corr/SolinCRK17},
  bibsource = {dblp computer science bibliography, https://dblp.org}
}
@article{DBLP:journals/corr/GreffSKSS15,
  author    = {Klaus Greff and
               Rupesh Kumar Srivastava and
               Jan Koutn{\'{\i}}k and
               Bas R. Steunebrink and
               J{\"{u}}rgen Schmidhuber},
  title     = {{LSTM:} {A} Search Space Odyssey},
  journal   = {CoRR},
  volume    = {abs/1503.04069},
  year      = {2015},
  url       = {http://arxiv.org/abs/1503.04069},
  archivePrefix = {arXiv},
  eprint    = {1503.04069},
  timestamp = {Mon, 13 Aug 2018 16:46:33 +0200},
  biburl    = {https://dblp.org/rec/bib/journals/corr/GreffSKSS15},
  bibsource = {dblp computer science bibliography, https://dblp.org}
}
@article{hochreiter1997long,
  added-at = {2016-11-15T08:49:43.000+0100},
  author = {Hochreiter, Sepp and Schmidhuber, J{\"u}rgen},
  biburl = {https://www.bibsonomy.org/bibtex/2a4a80026d24955b267cae636aa8abe4a/dallmann},
  interhash = {0692b471c4b9ae65d00affebc09fb467},
  intrahash = {a4a80026d24955b267cae636aa8abe4a},
  journal = {Neural computation},
  keywords = {lstm rnn},
  number = 8,
  pages = {1735--1780},
  publisher = {MIT Press},
  timestamp = {2016-11-15T08:49:43.000+0100},
  title = {Long short-term memory},
  volume = 9,
  year = 1997
}
@article{okvis,
author = {Leutenegger, Stefan and Lynen, Simon and Bosse, Michael and Siegwart, Roland and Furgale, Paul},
year = {2014},
month = {02},
pages = {},
title = {Keyframe-Based Visual-Inertial Odometry Using Nonlinear Optimization},
volume = {34},
journal = {The International Journal of Robotics Research},
doi = {10.1177/0278364914554813}
}
@article{Burri25012016,
author = {Burri, Michael and Nikolic, Janosch and Gohl, Pascal and Schneider, Thomas and Rehder, Joern and Omari, Sammy and Achtelik, Markus W and Siegwart, Roland}, 
title = {The EuRoC micro aerial vehicle datasets},
year = {2016}, 
doi = {10.1177/0278364915620033}, 
URL = {http://ijr.sagepub.com/content/early/2016/01/21/0278364915620033.abstract}, 
eprint = {http://ijr.sagepub.com/content/early/2016/01/21/0278364915620033.full.pdf+html}, 
journal = {The International Journal of Robotics Research} 
}
@INPROCEEDINGS{Geiger2012CVPR,
  author = {Andreas Geiger and Philip Lenz and Raquel Urtasun},
  title = {Are we ready for Autonomous Driving? The KITTI Vision Benchmark Suite},
  booktitle = {Conference on Computer Vision and Pattern	Recognition (CVPR)},
  year = {2012}
} 
For the raw dataset, please cite:
@ARTICLE{Geiger2013IJRR,
  author = {Andreas Geiger and Philip Lenz and Christoph Stiller and Raquel Urtasun},
  title = {Vision meets Robotics: The KITTI Dataset},
  journal = {International Journal of Robotics Research (IJRR)},
  year = {2013}
} 
@inproceedings{antonini2018blackbird,
  title={The Blackbird Dataset: A large-scale dataset for UAV perception in aggressive flight},
  author={Antonini, Amado and Guerra, Winter and Murali, Varun and Sayre-McCord, Thomas and Karaman, Sertac},
  booktitle={2018 International Symposium on Experimental Robotics (ISER)},
  year={2018}
}
@article{se3_tutorial,
author = {Blanco, Jose Luis},
year = {2010},
month = {09},
pages = {},
title = {A tutorial on SE(3) transformation parameterizations and on-manifold optimization}
}
@article{DBLP:journals/corr/abs-1811-10166,
  author    = {Charlotte Pelletier and
               Geoffrey I. Webb and
               Fran{\c{c}}ois Petitjean},
  title     = {Temporal Convolutional Neural Network for the Classification of Satellite
               Image Time Series},
  journal   = {CoRR},
  volume    = {abs/1811.10166},
  year      = {2018},
  url       = {http://arxiv.org/abs/1811.10166},
  archivePrefix = {arXiv},
  eprint    = {1811.10166},
  timestamp = {Fri, 30 Nov 2018 12:44:28 +0100},
  biburl    = {https://dblp.org/rec/bib/journals/corr/abs-1811-10166},
  bibsource = {dblp computer science bibliography, https://dblp.org}
}
@article{DBLP:journals/corr/NewellYD16,
  author    = {Alejandro Newell and
               Kaiyu Yang and
               Jia Deng},
  title     = {Stacked Hourglass Networks for Human Pose Estimation},
  journal   = {CoRR},
  volume    = {abs/1603.06937},
  year      = {2016},
  url       = {http://arxiv.org/abs/1603.06937},
  archivePrefix = {arXiv},
  eprint    = {1603.06937},
  timestamp = {Mon, 13 Aug 2018 16:49:02 +0200},
  biburl    = {https://dblp.org/rec/bib/journals/corr/NewellYD16},
  bibsource = {dblp computer science bibliography, https://dblp.org}
}
@article{DBLP:journals/corr/PavlakosZDD16,
  author    = {Georgios Pavlakos and
               Xiaowei Zhou and
               Konstantinos G. Derpanis and
               Kostas Daniilidis},
  title     = {Coarse-to-Fine Volumetric Prediction for Single-Image 3D Human Pose},
  journal   = {CoRR},
  volume    = {abs/1611.07828},
  year      = {2016},
  url       = {http://arxiv.org/abs/1611.07828},
  archivePrefix = {arXiv},
  eprint    = {1611.07828},
  timestamp = {Mon, 13 Aug 2018 16:48:06 +0200},
  biburl    = {https://dblp.org/rec/bib/journals/corr/PavlakosZDD16},
  bibsource = {dblp computer science bibliography, https://dblp.org}
}
@article{DBLP:journals/corr/ChoMGBSB14,
  author    = {Kyunghyun Cho and
               Bart van Merrienboer and
               {\c{C}}aglar G{\"{u}}l{\c{c}}ehre and
               Fethi Bougares and
               Holger Schwenk and
               Yoshua Bengio},
  title     = {Learning Phrase Representations using {RNN} Encoder-Decoder for Statistical
               Machine Translation},
  journal   = {CoRR},
  volume    = {abs/1406.1078},
  year      = {2014},
  url       = {http://arxiv.org/abs/1406.1078},
  archivePrefix = {arXiv},
  eprint    = {1406.1078},
  timestamp = {Mon, 13 Aug 2018 16:46:44 +0200},
  biburl    = {https://dblp.org/rec/bib/journals/corr/ChoMGBSB14},
  bibsource = {dblp computer science bibliography, https://dblp.org}
}